@string{j-cga        = "IEEE Computer Graphics and Applications"}
@string{j-cag	     = "Computers \& Graphics"}
@string{j-cgf        = "CGF"}
@string{j-tog        = "ACM TOG"}
@string{j-tvcg       = "IEEE TVCG"}
@string{j-vc         = "Visual Computer"}
@string{j-stars	     = "IEEE Journal of Selected Topics in Applied Earth Observations and Remote Sensing"}
@string{j-grs	     = "IEEE Transactions on Geoscience and Remote Sensing"}
@string{j-siam 	     = "SIAM Journal on Optimization"}
@string{j-cst 	     = "Journal of Computer Science and Technology"}
@string{j-cagd 	     = "Computer Aided Geometric Design"}
@string{j-pami       = "IEEE PAMI"}
@string{j-mlr        = "Journal of Machine Learning Research"}
@string{j-pr         = "Pattern Recognition"}
@string{j-tgrs       = "IEEE Transactions on Geoscience and Remote Sensing"}
@string{j-prl        = "Pattern Recognition Letters"}
@string{j-v          = "IEEE Visualization"}
@string{j-epd        = "Journal of Environment and Planning B: Planning and Design"}


@string{bp-nips      = "NIPS"}
@string{bp-icml      = "ICML"}
@string{bp-sigkdd    = "International Conference on Knowledge Discovery and Data Mining"}
@string{bp-iccv      = "ICCV"}
@string{bp-eccv      = "ECCV"}
@string{bp-sigc      = "ACM SIGGRAPH Courses"}
@string{bp-sigsa     = "ACM SIGGRAPH Sketches and Applications"}
@string{bp-vmv       = "Vision, Modeling, and Visualization"}
@string{bp-dnabc     = "International Workshop on DNA-Based Computers"}
@string{bp-ip        = "IEEE ICIP"}
@string{bp-gi        = "Graphics Interface"}
@string{bp-vast      = "Eurographics Symposium on Virtual Reality, Archaeology and Cultural Heritage (VAST)"}
@string{bp-rt        = "Rendering Techniques. Eurographics Symposium Proceedings"}
@string{bp-pbg       = "Point-Based Graphics. Eurographics Symposium Proceedings"}
@string{bp-cgit      = "International Conference on Computer Graphics and Interactive Techniques: ACM Siggraph Electronic Art and Animation Catalog"}
@string{bp-pg        = "Pacific Graphics"}
@string{bp-wscg      = "WSCG Plzen Proceedings"}
@string{bp-cvpr      = "CVPR"}

%@string{bp-i3d2007   = "Proceedings of I3D 2007"}
%@string{bp-sig1994   = "Proceedings of SIGGRAPH 94"}
%@string{bp-sig2001   = "Proceedings of SIGGRAPH 2001"}
%@string{p-springer   = "Springer-Verlag"}

%%%%%%%%%%%%%%%%%%%%%%%%%%%%%%%%%%%%%%%%%%%%%%%%%%%%%%%%%%%%%%%%%%%%%%
% 2018
%%%%%%%%%%%%%%%%%%%%%%%%%%%%%%%%%%%%%%%%%%%%%%%%%%%%%%%%%%%%%%%%%%%%%%

@article{Birsak:2018:SAT,
  title     = {String Art: Towards Computational Fabrication of String Images},
  author    = {Birsak, Michael and Rist, Florian and Wonka, Peter and Musialski, Przemyslaw},
  journal   = j-cgf,
  year      = {2018}
}

@article{Wu:2018:MLD,
  title     = {MIQP-based Layout Design for Building Interiors},
  author    = {Wu, Wenming and Fan, Lubin and Liu, Ligang and Wonka, Peter},
  journal   = j-cgf,
  year      = {2018}
}

%%%%%%%%%%%%%%%%%%%%%%%%%%%%%%%%%%%%%%%%%%%%%%%%%%%%%%%%%%%%%%%%%%%%%%
% 2017
%%%%%%%%%%%%%%%%%%%%%%%%%%%%%%%%%%%%%%%%%%%%%%%%%%%%%%%%%%%%%%%%%%%%%%

@article{Ren:2017:JGL,
  title     = {Joint Graph Layouts for Visualizing Collections of Segmented Meshes},
  author    = {Ren, Jing and Schneider, Jens and Ovsjanikov, Maks and Wonka, Peter},
  journal   = j-tvcg,
  year      = {2017}
}

@article{Kelly:2017:BLS,
  title     = {BigSUR: Large-Scale Structured Urban Reconstruction},
  author    = {Kelly, Tom and Femiani, John and Wonka, Peter and Mitra, Niloy J},
  journal   = j-tog,
  year      = {2017}
}

@article{Jiang:2017:DAV,
  title     = {Design and Volume Optimization of Space Structures},
  author    = {Jiang, Caigui and Tang, Chengcheng and Seidel, Hans-Peter and Wonka, Peter},
  journal   = j-tog,
  year      = {2017}
}

@article{Hecher:2017:HDU,
  title     = {How Do Users Map Points Between Dissimilar Shapes?},
  author    = {Hecher, Michael and Guerrero, Paul and Wonka, Peter and Wimmer, Michael},
  journal   = j-tvcg,
  year      = {2017}
}

@article{Lienhard:2017:DTF,
  title     = {Design Transformations for Rule-Based Procedural Modeling},
  author    = {Lienhard, Stefan and Lau, Cheryl and M{\"u}ller, Pascal and Wonka, Peter and Pauly, Mark},
  journal   = j-cgf,
  volume    = {36},
  number    = {2},
  pages     = {39-48},
  year      = {2017}
}

@article{Birsak:2017:DPE,
  title     = {Dynamic Path Exploration on Mobile Devices},
  author    = {Birsak, Michael and Musialski, Przemyslaw and Wonka, Peter and Wimmer, Michael},
  journal   = j-tvcg,
  year      = {2017}
}

@article{Nan:2017:PPS,
  title     = {PolyFit: Polygonal Surface Reconstruction from Point Clouds},
  author    = {Nan, Liangliang and Wonka, Peter},
  journal   = bp-iccv,
  pages     = {2353-2361},
  year      = {2017}
}

%%%%%%%%%%%%%%%%%%%%%%%%%%%%%%%%%%%%%%%%%%%%%%%%%%%%%%%%%%%%%%%%%%%%%%
% 2016
%%%%%%%%%%%%%%%%%%%%%%%%%%%%%%%%%%%%%%%%%%%%%%%%%%%%%%%%%%%%%%%%%%%%%%

@article{Yan:2016:BAF,
  title     = {Block Assembly for Global Registration of Building Scans},
  author    = {Yan, Feilong and Nan, Liangliang and Wonka, Peter},
  journal   = j-tog,
  volume    = {35},
  number    = {6},
  pages     = {237},
  year      = {2016}
}

@article{Affara:2016:LSA,
  title     = {Large Scale Asset Extraction for Urban Images},
  author    = {Affara, Lama and Nan, Liangliang and Ghanem, Bernard and Wonka, Peter},
  journal   = bp-eccv,
  pages     = {437-452},
  year      = {2016}
}

@article{Li:2016:MUR,
  title     = {Manhattan-World Urban Reconstruction from Point Clouds},
  author    = {Li, Minglei and Wonka, Peter and Nan, Liangliang},
  journal   = bp-eccv,
  pages     = {54-69},
  year      = {2016}
}

@article{Fan:2016:APM,
  title     = {A Probabilistic Model for Exteriors of Residential Buildings},
  author    = {Fan, Lubin and Wonka, Peter},
  journal   = j-tog,
  volume    = {35},
  number    = {5},
  pages     = {155},
  year      = {2016}
}

@article{Peng:2016:CND,
  title     = {Computational Network Design from Functional Specifications},
  author    = {Peng, Chi-Han and Yang, Yong-Liang and Bao, Fan and Fink, Daniel and Yan, Dong-Ming and Wonka, Peter and Mitra, Niloy J},
  journal   = j-tog,
  volume    = {35},
  number    = {4},
  pages     = {131},
  year      = {2016}
}

@article{Guerrero:2016:RAR,
  title     = {RAID: A Relation-Augmented Image Descriptor},
  author    = {Guerrero, Paul and Mitra, Niloy J and Wonka, Peter},
  journal   = j-tog,
  volume    = {35},
  number    = {4},
  pages     = {46},
  year      = {2016}
}

@article{Jiang:2016:ACD,
  title     = {Automatic Constraint Detection for 2D Layout Regularization},
  author    = {Jiang, Haiyong and Nan, Liangliang and Yan, Dong-Ming and Dong, Weiming and Zhang, Xiaopeng and Wonka, Peter},
  journal   = j-tvcg,
  volume    = {22},
  number    = {8},
  pages     = {1933-1944},
  year      = {2016}
}

@article{Yan:2016:NRW,
  title     = {Non-Obtuse Remeshing with Centroidal Voronoi Tessellation},
  author    = {Yan, Dong-Ming and Wonka, Peter},
  journal   = j-tvcg,
  volume    = {22},
  number    = {9},
  pages     = {2136-2144},
  year      = {2016}
}

@article{Guo:2016:TMV,
  title     = {Tetrahedral Meshing via Maximal Poisson-Disk Sampling},
  author    = {Guo, Jianwei and Yan, Dong-Ming and Chen, Li and Zhang, Xiaopeng and Deussen, Oliver and Wonka, Peter},
  journal   = j-cagd,
  volume    = {43},
  pages     = {186-199},
  year      = {2016}
}

@article{Li:2016:RBM,
  title     = {Reconstructing Building Mass Models from UAV Images},
  author    = {Li, Minglei and Nan, Liangliang and Smith, Neil and Wonka, Peter},
  journal   = j-cag,
  volume    = {54},
  pages     = {84-93},
  year      = {2016}
}

@article{Zhang:2016:CCB,
  title     = {Capacity Constrained Blue-Noise Sampling on Surfaces},
  author    = {Zhang, Sen and Guo, Jianwei and Zhang, Hui and Jia, Xiaohong and Yan, Dong-Ming and Yong, Junhai and Wonka, Peter},
  journal   = j-cag,
  volume    = {55},
  pages     = {44-54},
  year      = {2016}
}

%%%%%%%%%%%%%%%%%%%%%%%%%%%%%%%%%%%%%%%%%%%%%%%%%%%%%%%%%%%%%%%%%%%%%%
% 2015
%%%%%%%%%%%%%%%%%%%%%%%%%%%%%%%%%%%%%%%%%%%%%%%%%%%%%%%%%%%%%%%%%%%%%%

@article{Guerrero:2015:LSP,
  title     = {Learning Shape Placements by Example},
  author    = {Guerrero, Paul and Jeschke, Stefan and Wimmer, Michael and Wonka, Peter},
  journal   = j-tog,
  volume    = {34},
  number    = {4},
  pages     = {108},
  year      = {2015}
}

@article{Dang:2015:IDO,
  title     = {Interactive Design of Probability Density Functions for Shape Grammars},
  author    = {Dang, Minh and Lienhard, Stefan and Ceylan, Duygu and Neubert, Boris and Wonka, Peter and Pauly, Mark},
  journal   = j-tog,
  volume    = {34},
  number    = {6},
  pages     = {206},
  year      = {2015}
}

@article{Jiang:2015:PP,
  title     = {Polyhedral Patterns},
  author    = {Jiang, Caigui and Tang, Chengcheng and Vaxman, Amir and Wonka, Peter and Pottmann, Helmut},
  journal   = j-tog,
  volume    = {34},
  number    = {6},
  pages     = {172},
  year      = {2015}
}

@article{Hachama:2015:ISD,
  title     = {Intrinsic Scene Decomposition from RGB-D Images},
  author    = {Hachama, Mohammed and Ghanem, Bernard and Wonka, Peter},
  journal   = bp-iccv,
  pages     = {810-818},
  year      = {2015}
}

@article{Kelly:2015:IDO,
  title     = {Interactive Dimensioning of Parametric Models},
  author    = {Kelly, Tom and Wonka, Peter and M{\"u}ller, Pascal},
  journal   = j-cgf,
  volume    = {34},
  number    = {2},
  pages     = {117-129},
  year      = {2015}
}

@article{Ghanem:2015:DCN,
  title     = {Designing Camera Networks by Convex Quadratic Programming},
  author    = {Ghanem, Bernard and Cao, Yuanhao and Wonka, Peter},
  journal   = j-cgf,
  volume    = {34},
  number    = {2},
  pages     = {69-80},
  year      = {2015}
}

@article{Nan:2015:TAF,
  title     = {Template Assembly for Detailed Urban Reconstruction},
  author    = {Nan, Liangliang and Jiang, Caigui and Ghanem, Bernard and Wonka, Peter},
  journal   = j-cgf,
  volume    = {34},
  number    = {2},
  pages     = {217-228},
  year      = {2015}
}

@article{Yan:2015:ASO,
  title     = {A Survey of Blue-Noise Sampling and its Applications},
  author    = {Yan, Dong-Ming and Guo, Jian-Wei and Wang, Bin and Zhang, Xiao-Peng and Wonka, Peter},
  journal   = j-cst,
  volume    = {30},
  number    = {3},
  pages     = {439-452},
  year      = {2015}
}

@article{Yang:2015:FMG,
  title     = {Fused Multiple Graphical Lasso},
  author    = {Yang, Sen and Lu, Zhaosong and Shen, Xiaotong and Wonka, Peter and Ye, Jieping},
  journal   = j-siam,
  volume    = {25},
  number    = {2},
  pages     = {916-943},
  year      = {2015}
}

@article{Wang:2015:LSR,
  title     = {Lasso Screening Rules via Dual Polytope Projection},
  author    = {Wang, Jie and Wonka, Peter and Ye, Jieping},
  journal   = j-mlr,
  pages     = {1063--1101},
  year      = {2015}
}

@article{Yang:2015:SGL,
  title     = {Structural Graphical Lasso for Learning Mouse Brain Connectivity},
  author    = {Yang, Sen and Sun, Qian and Ji, Shuiwang and Wonka, Peter and Davidson, Ian and Ye, Jieping},
  journal   = bp-sigkdd,
  pages     = {1385-1394},
  year      = {2015}
}

@article{Li:2015:RRE,
  title     = {Robust Rooftop Extraction From Visible Band Images Using Higher Order CRF},
  author    = {Li, Er and Femiani, John and Xu, Shibiao and Zhang, Xiaopeng and Wonka, Peter},
  journal   = j-grs,
  volume    = {53},
  number    = {8},
  pages     = {4483-4495},
  year      = {2015}
}

@article{Femiani:2015:SBR,
  title     = {Shadow Based Rooftop Segmentation In Visible Band Images},
  author    = {Femiani, John and Li, Er and Razdan, Anshuman and Wonka, Peter},
  journal   = j-stars,
  volume    = {8},
  number    = {5},
  pages     = {2063-2077},
  year      = {2015}
}

%%%%%%%%%%%%%%%%%%%%%%%%%%%%%%%%%%%%%%%%%%%%%%%%%%%%%%%%%%%%%%%%%%%%%%
% 2014
%%%%%%%%%%%%%%%%%%%%%%%%%%%%%%%%%%%%%%%%%%%%%%%%%%%%%%%%%%%%%%%%%%%%%%

@article{Wang:2014:ASS,
  title     = {A Safe Screening Rule for Sparse Logistic Regression},
  author    = {Wang, Jie and Zhou, Jiayu and Liu, Jun and Wonka, Peter and Ye, Jieping},
  journal   = bp-nips,
  pages     = {1053-1061},
  year      = {2014}
}


@article{Fan:2014:SCF,
  title     = {Structure Completion for Facade Layouts},
  author    = {Fan, Lubin and Musialski, Przemyslaw and Liu, Ligang and Wonka, Peter},
  journal   = j-tog,
  volume    = {33},
  number    = {6},
  year      = {2014}
}

@article{Alhalawani:2014:WML,
  title     = {What Makes London Work Like London?},
  author    = {AlHalawani, Sawsan and Yang, Yong-Liang and Wonka, Peter and Mitra, Niloy J},
  journal   = j-cgf,
  volume    = {33},
  number    = {5},
  pages     = {157-165},
  year      = {2014}
}

@article{Yan:2014:BRW,
  title     = {Blue-Noise Remeshing with Farthest Point Optimization},
  author    = {Yan, Dong-Ming and Guo, Jianwei and Jia, Xiaohong and Zhang, Xiaopeng and Wonka, Peter},
  journal   = j-cgf,
  volume    = {33},
  number    = {5},
  pages     = {167-176},
  year      = {2014}
}

@article{Peng:2014:CLW,
  title     = {Computing Layouts with Deformable Templates},
  author    = {Peng, Chi-Han and Yang, Yong-Liang and Wonka, Peter},
  journal   = j-tog,
  volume    = {33},
  number    = {4},
  pages     = {99},
  year      = {2014}
}

@article{Wu:2014:IPM,
  title     = {Inverse Procedural Modeling of Facade Layouts},
  author    = {Wu, Fuzhang and Yan, Dong-Ming and Dong, Weiming and Zhang, Xiaopeng and Wonka, Peter},
  journal   = j-tog,
  volume    = {33},
  number    = {4},
  year      = {2014}
}

@article{Lipp:2014:PP,
  title     = {PushPull++},
  author    = {Lipp, Markus and Wonka, Peter and M{\"u}ller, Pascal},
  journal   = j-tog,
  volume    = {33},
  number    = {4},
  pages     = {130},
  year      = {2014}
}

@article{Schwarz:2014:PDO,
  title     = {Procedural Design of Exterior Lighting for Buildings with Complex Constraints},
  author    = {Schwarz, Michael and Wonka, Peter},
  journal   = j-tog,
  year      = {2014}
}

@article{Peng:2014:EQ,
  title     = {Exploring Quadrangulations},
  author    = {Peng, Chi-Han and Barton, Michael and Jiang, Caigui and Wonka, Peter},
  journal   = j-tog,
  volume    = {33},
  number    = {1},
  year      = {2014}
}

@article{Guerrero:2014:EPU,
  title     = {Edit Propagation Using Geometric Relationship Functions},
  author    = {Guerrero, Paul and Jeschke, Stefan and Wimmer, Michael and Wonka, Peter},
  journal   = j-tog,
  volume    = {33},
  number    = {2},
  pages     = {15},
  year      = {2014}
}

@article{Steinberger:2014:OGA,
  title     = {On-the-Fly Generation and Rendering of Infinite Cities on the GPU},
  author    = {Steinberger, Markus and Kenzel, Michael and Kainz, Bernhard and Wonka, Peter and Schmalstieg, Dieter},
  journal   =  j-cgf,
  volume    = {33},
  number    = {2},
  pages     = {105-114},
  year      = {2014}
}

@article{Steinberger:2014:CDA,
  title     = {Combined Derivation and Rendering of Shape-Grammars on the GPU},
  author    = {Steinberger, Markus and Kenzel, Michael and Kainz, Bernhard and Wonka, Peter and Schmalstieg, Dieter},
  journal   = j-cgf,
  volume    = {10},
  year      = {2014}
}

@article{Birsak:2014:AGO,
  title     = {Automatic Generation of Tourist Brochures},
  author    = {Birsak, Michael and Musialski, Przemyslaw and Wonka, Peter and Wimmer, Michael},
  journal   = j-cgf,
  volume    = {33},
  number    = {2},
  pages     = {449-458},
  year      = {2014}
}

@article{Yan:2014:LRU,
  title     = {Low-Resolution Remeshing Using the Localized Restricted Voronoi Diagram},
  author    = {Yan, Dong-Ming and Bao, Guanbo and Zhang, Xiaopeng and Wonka, Peter},
  journal   = j-tvcg,
  volume    = {20},
  number    = {10},
  pages     = {1418-1427},
  year      = {2014}
}

@article{Yan:2014:USA,
  title     = {Unbiased Sampling and Meshing of Isosurfaces},
  author    = {Yan, Dong-Ming and Wallner, Johannes and Wonka, Peter},
  journal   = j-tvcg,
  volume    = {20},
  number    = {11},
  pages     = {1579-1589},
  year      = {2014}
}

@article{Wang:2014:AHS,
  title     = {A Highly Scalable Parallel Algorithm for Isotropic Total Variation Models},
  author    = {Wang, Jie and Li, Qingyang and Yang, Sen and Fan, Wei and Wonka, Peter and Ye, Jieping},
  journal   = bp-icml,
  pages     = {235-243},
  year      = {2014}
}

@article{Wang:2014:SSA,
  title     = {Scaling SVM and Least Absolute Deviations via Exact Data Reduction},
  author    = {Wang, Jie and Wonka, Peter and Ye, Jieping},
  journal   = bp-icml,
  pages     = {523-531},
  year      = {2014}
}

@article{Guo:2014:ETO,
  title     = {Efficient Triangulation of Poisson-Disk Sampled Point Sets},
  author    = {Guo, Jianwei and Yan, Dong-Ming and Bao, Guanbo and Dong, Weiming and Zhang, Xiaopeng and Wonka, Peter},
  journal   = j-vc,
  volume    = {30},
  number    = {6-8},
  pages     = {773-785},
  year      = {2014}
}

@article{Cao:2014:PLG,
  title     = {Patch Layout Generation by Detecting Feature Networks},
  author    = {Cao, Yuanhao and Yan, Dong-Ming and Wonka, Peter},
  journal   = j-cag,
  volume    = {46},
  pages     = {275-282},
  year      = {2014}
}
%%%%%%%%%%%%%%%%%%%%%%%%%%%%%%%%%%%%%%%%%%%%%%%%%%%%%%%%%%%%%%%%%%%%%%
% 2013
%%%%%%%%%%%%%%%%%%%%%%%%%%%%%%%%%%%%%%%%%%%%%%%%%%%%%%%%%%%%%%%%%%%%%%

@article{Yang:2013:UPL,
  title     = {Urban Pattern: Layout Design by Hierarchical Domain Splitting},
  author    = {Yang, Yong-Liang and Wang, Jun and Vouga, Etienne and Wonka, Peter},
  journal   = j-tog,
  volume    = {32},
  number    = {6},
  year      = {2013}
}

@article{Bao:2013:GAE,
  title     = {Generating and Exploring Good Building Layouts},
  author    = {Bao, Fan and Yan, Dong-Ming and Mitra, Niloy J and Wonka, Peter},
  journal   = j-tog,
  volume    = {32},
  number    = {4},
  year      = {2013}
}

@article{Yan:2013:GPF,
  title     = {Gap Processing for Adaptive Maximal Poisson-Disk Sampling},
  author    = {Yan, Dong-Ming and Wonka, Peter},
  journal   = j-tog,
  volume    = {32},
  number    = {5},
  pages     = {148},
  year      = {2013}
}

@article{Bao:2013:PFV,
  title     = {Procedural Facade Variations from a Single Layout},
  author    = {Bao, Fan and Schwarz, Michael and Wonka, Peter},
  journal   = j-tog,
  volume    = {32},
  number    = {1},
  pages     = {8},
  year      = {2013}
}

@article{Liu:2013:TCF,
  title     = {Tensor Completion for Estimating Missing Values in Visual Data},
  author    = {Liu, Ji and Musialski, Przemyslaw and Wonka, Peter and Ye, Jieping},
  journal   = j-pami,
  volume    = {35},
  number    = {1},
  pages     = {208-220},
  year      = {2013}
}

@article{Yang:2013:AEA,
  title     = {An Efficient ADMM Algorithm for Multidimensional Anisotropic Total Variation Regularization Problems},
  author    = {Yang, Sen and Wang, Jie and Fan, Wei and Zhang, Xiatian and Wonka, Peter and Ye, Jieping},
  journal   = bp-sigkdd,
  pages     = {641-649},
  year      = {2013}
}

@article{Wang:2013:LSR,
  title     = {Lasso Screening Rules via Dual Polytope Projection},
  author    = {Wang, Jie and Zhou, Jiayu and Wonka, Peter and Ye, Jieping},
  journal   = bp-nips,
  pages     = {1070-1078},
  year      = {2013}
}

@article{Peng:2013:CEF,
  title     = {Connectivity Editing for Quad-Dominant Meshes},
  author    = {Peng, Chi-han and Wonka, Peter},
  journal   = j-cgf,
  year      = {2013},
}

@article{Guo:2013:ITD,
  title     = {Illustrating the Disassembly of 3D Models},
  author    = {Guo, Jianwei and Yan, Dong-Ming and Li, Er and Dong, Weiming and Wonka, Peter and Zhang, Xiaopeng},
  journal   = j-cag,
  volume    = {37},
  number    = {6},
  pages     = {574-581},
  year      = {2013}
}

@article{Musialski:2013:ASO,
  title     = {A Survey of Urban Reconstruction},
  author    = {Musialski, Przemyslaw and Wonka, Peter and Aliaga, Daniel G and Wimmer, Michael and Gool, L v and Purgathofer, Werner},
  journal   = j-cgf,
  volume    = {32},
  number    = {6},
  pages     = {146-177},
  year      = {2013}
}

@article{Musialski:2013:AFF,
  title     = {A Framework for Interactive Image Color Editing},
  author    = {Musialski, Przemyslaw and Cui, Ming and Ye, Jieping and Razdan, Anshuman and Wonka, Peter},
  journal   = j-vc,
  volume    = {29},
  number    = {11},
  pages     = {1173-1186},
  year      = {2013}
}

@article{Yang:2013:FGA,
  title     = {Feature Grouping and Selection over an Undirected Graph},
  author    = {Yang, Sen and Yuan, Lei and Lai, Ying-Cheng and Shen, Xiaotong and Wonka, Peter and Ye, Jieping},
  journal   = bp-sigkdd,
  pages     = {27-43},
  year      = {2013}
}

%%%%%%%%%%%%%%%%%%%%%%%%%%%%%%%%%%%%%%%%%%%%%%%%%%%%%%%%%%%%%%%%%%%%%%
% 2012
%%%%%%%%%%%%%%%%%%%%%%%%%%%%%%%%%%%%%%%%%%%%%%%%%%%%%%%%%%%%%%%%%%%%%%

@article{Musialski:2012:ICF,
  title     = {Interactive Coherence-Based Facade Modeling},
  author    = {Musialski, Przemyslaw and Wimmer, Michael and Wonka, Peter},
  journal   = j-cgf,
  year      = {2012}
}

@article{Liu:2012:AMF,
  title     = {A Multi-Stage Framework for Dantzig Selector and Lasso},
  author    = {Liu, Ji and Wonka, Peter and Ye, Jieping},
  journal   = j-mlr,
  volume    = {13},
  number    = {Apr},
  pages     = {1189-1219},
  year      = {2012}
}

@article{Liu:2012:SNT,
  title     = {Sparse Non-Negative Tensor Factorization Using Columnwise Coordinate Descent},
  author    = {Liu, Ji and Liu, Jun and Wonka, Peter and Ye, Jieping},
  journal   = j-pr,
  volume    = {45},
  number    = {1},
  pages     = {649-656},
  year      = {2012}
}

%%%%%%%%%%%%%%%%%%%%%%%%%%%%%%%%%%%%%%%%%%%%%%%%%%%%%%%%%%%%%%%%%%%%%%
% 2011
%%%%%%%%%%%%%%%%%%%%%%%%%%%%%%%%%%%%%%%%%%%%%%%%%%%%%%%%%%%%%%%%%%%%%%

@article{Peng:2011:CEF,
  title     = {Connectivity Editing for Quadrilateral Meshes},
  author    = {Peng, Chi-Han and Zhang, Eugene and Kobayashi, Yoshihiro and Wonka, Peter},
  journal   = j-tog,
  volume    = {30},
  number    = {6},
  pages     = {141},
  year      = {2011}
}

@article{Kelly:2011:IAM,
  title     = {Interactive Architectural Modeling with Procedural Extrusions},
  author    = {Kelly, Tom and Wonka, Peter},
  journal   = j-tog,
  volume    = {2},
  number    = {30},
  pages     = {14},
  year      = {2011}
}

@article{Jeschke:2011:ECA,
  title     = {Estimating Color and Texture Parameters for Vector Graphics},
  author    = {Jeschke, Stefan and Cline, David and Wonka, Peter},
  journal   = j-cgf,
  volume    = {30},
  number    = {2},
  pages     = {523-532},
  year      = {2011}
}

@article{Lipp:2011:IMO,
  title     = {Interactive Modeling of City Layouts Using Layers of Procedural Content},
  author    = {Lipp, Markus and Scherzer, Daniel and Wonka, Peter and Wimmer, Michael},
  journal   = j-cgf,
  volume    = {30},
  number    = {2},
  pages     = {345-354},
  year      = {2011}
}

@article{Li:2011:GSO,
  title     = {Geometry Synthesis on Surfaces Using Field-Guided Shape Grammars},
  author    = {Li, Yuanyuan and Bao, Fan and Zhang, Eugene and Kobayashi, Yoshihiro and Wonka, Peter},
  journal   = j-tvcg,
  volume    = {17},
  number    = {2},
  pages     = {231-243},
  year      = {2011}
}

@article{Yin:2011:ANQ,
  title     = {A New Qem for Parametrization of Raster Images},
  author    = {Yin, Xuetao and Femiani, John and Wonka, Peter and Razdan, Anshuman},
  journal   = j-cgf,
  volume    = {30},
  number    = {8},
  pages     = {2440-2451},
  year      = {2011}
}

@article{Wonka:2011:M3U,
  title     = {Modeling 3D Urban Spaces Using Procedural and Simulation-Based Techniques},
  author    = {Wonka, Peter and Aliaga, Daniel and M{\"u}ller, Pascal and Vanegas, Carlos},
  journal   = bp-sigc,
  pages     = {9},
  year      = {2011}
}

%%%%%%%%%%%%%%%%%%%%%%%%%%%%%%%%%%%%%%%%%%%%%%%%%%%%%%%%%%%%%%%%%%%%%%
% 2010
%%%%%%%%%%%%%%%%%%%%%%%%%%%%%%%%%%%%%%%%%%%%%%%%%%%%%%%%%%%%%%%%%%%%%%

@article{Liu:2010:MDS,
  title     = {Multi-Stage Dantzig Selector},
  author    = {Liu, Ji and Wonka, Peter and Ye, Jieping},
  journal   = bp-nips,
  pages     = {1450-1458},
  year      = {2010}
}

@article{Li:2010:EOF,
  title     = {Editing Operations for Irregular Vertices in Triangle Meshes},
  author    = {Li, Yuanyuan and Zhang, Eugene and Kobayashi, Yoshihiro and Wonka, Peter},
  journal   = j-tog,
  volume    = {29},
  number    = {6},
  year      = {2010}
 }


@article{Kartnik:2010:RVU,
  title     = {Route Visualization Using Detail Lenses},
  author    = {Karnick, Pushpak and Cline, David and Jeschke, Stefan and Razdan, Anshuman and Wonka, Peter},
  journal   = j-tvcg,
  volume    = {16},
  number    = {2},
  year      = {2010}
}

@Article{Haegler:2010:GEO,
  title     = {Grammar-Based Encoding of Facades},
  author    = {Haegler, Simon and Wonka, Peter and Arisona, Stefan M{\"u}ller and Van Gool, Luc and M{\"u}ller, Pascal},
  journal   = j-cgf,
  volume    = {29},
  number    = {4},
  pages     = {1479-1487},
  year      = {2010}
}

@article{Cui:2010:CCU,
  title     = {Color-to-Gray Conversion Using ISOMAP},
  author    =  {Cui, Ming and Hu, Jiuxiang and Razdan, Anshuman and Wonka, Peter},
  journal   = j-vc,
  volume    = {26},
  number    = {11},
  pages     = {1349-1360},
  year      = {2010}
}

@article{Vanegas:2010:MTA,
  title     = {Modelling the Appearance and Behaviour of Urban Spaces},
  author    = {Vanegas, Carlos A and Aliaga, Daniel G and Wonka, Peter and M{\"u}ller, Pascal and Waddell, Paul and Watson, Benjamin},
  journal   = j-cgf,
  volume    = {29},
  number    = {1},
  pages     = {25-42},
  year      = {2010}
}

@article{Lipp:2010:PGO,
  title     = {Parallel Generation of Multiple {L}-Systems},
  author    = {Lipp, Markus and Wonka, Peter and Wimmer, Michael},
  journal   = j-cag,
  volume    = {34},
  number    = {5},
  pages     = {585-593},
  year      = {2010}
}

%%%%%%%%%%%%%%%%%%%%%%%%%%%%%%%%%%%%%%%%%%%%%%%%%%%%%%%%%%%%%%%%%%%%%%
% 2009
%%%%%%%%%%%%%%%%%%%%%%%%%%%%%%%%%%%%%%%%%%%%%%%%%%%%%%%%%%%%%%%%%%%%%%

@article{Bittner:2009:AGV,
  title     = {Adaptive Global Visibility Sampling},
  author    = {Bittner, Ji{\v{r}}{\'\i} and Mattausch, Oliver and Wonka, Peter and Havran, Vlastimil and Wimmer, Michael},
  journal   = j-tog,
  volume    = {3},
  number    = {28},
  pages     = {94:1-10},
  year      = {2009}
}

@article{Jeschke:2009:RSD,
  title     = {Rendering Surface Details with Diffusion Curves},
  author    =  {Jeschke, Stefan and Cline, David and Wonka, Peter},
  journal   = j-tog,
  volume    = {28},
  number    = {5},
  pages     = {117},
  year      = {2009}
}

@article{Jeschke:2009:AGL,
  title     = {A GPU Laplacian Solver for Diffusion Curves and Poisson Image Editing},
  author    = {Jeschke, Stefan and Cline, David and Wonka, Peter},
  journal   = j-tog,
  volume    = {28},
  number    = {5},
  pages     = {116},
  year      = {2009}
}

@article{Liu:2009:TCF,
  title     = {Tensor Completion for Estimating Missing Values in Visual Data},
  author    = {Liu, Ji and Musialski, Przemyslaw and Wonka, Peter and Ye, Jieping},
  journal   = bp-iccv,
  pages     = {2114-2121},
  year      = {2009}
}

@article{Cui:2009:IHI,
  title     = {Interactive Hyperspectral Image Visualization Using Convex Optimization},
  author    = {Cui, Ming and Razdan, Anshuman and Hu, Jiuxiang and Wonka, Peter},
  journal   = j-tgrs,
  volume    = {47},
  number    = {6},
  pages     = {1673-1684},
  year      = {2009}
}

@article{Ali:2009:CFD,
  title     = {Compressed Facade Displacement Maps},
  author    = {Ali, Saif and Ye, Jieping and Razdan, Anshuman and Wonka, Peter},
  journal   = j-tvcg,
  volume    = {15},
  number    = {2},
  pages     = {262-273},
  year      = {2009}
}

@article{Weber:2009:IGS,
  title     = {Interactive Geometric Simulation of 4D Cities},
  author    = {Weber, Basil and M{\"u}ller, Pascal and Wonka, Peter and Gross, Markus},
  journal   = j-cgf,
  volume    = {28},
  number    = {2},
  pages     = {481-492},
  year      = {2009}
}

@article{Cline:2009:DTO,
  title     = {Dart Throwing on Surfaces},
  author    = {Cline, David and Jeschke, Stefan and White, K and Razdan, Anshuman and Wonka, Peter},
  journal   = j-cgf,
  volume    = {28},
  number    = {4},
  pages     = {1217-1226},
  year      = {2009}
}

@article{Bhagvat:2009:GRO,
  title     = {GPU Rendering of Relief Mapped Conical Frusta},
  author    = {Bhagvat, D and Jeschke, Stefan and Cline, David and Wonka, Peter},
  journal   = j-cgf,
  volume    = {28},
  number    = {8},
  pages     = {2131-2139},
  year      = {2009}
}

@article{Karnick:2009:ASG,
  title     = {A Shape Grammar for Developing Glyph-Based Visualizations},
  author    = {Karnick, Pushpak and Jeschke, Stefan and Cline, David and Razdan, Anshuman and Wentz, E and Wonka, Peter},
  journal   = j-cgf,
  volume    = {28},
  number    = {8},
  pages     = {2176-2188},
  year      = {2009}
}

@article{Cline:2009:ACO,
  title     = {A Comparison of Tabular PDF Inversion Methods},
  author    = {Cline, David and Razdan, Anshuman and Wonka, Peter},
  journal   = j-cgf,
  volume    = {28},
  number    = {1},
  pages     = {154-160},
  year      = {2009}
}

@article{Cui:2009:CMF,
  title     = {Curve Matching for Open 2D Curves},
  author    = {Cui, Ming and Femiani, John and Hu, Jiuxiang and Wonka, Peter and Razdan, Anshuman},
  journal   = j-prl,
  volume    = {30},
  number    = {1},
  pages     = {1-10},
  year      = {2009}
}

@article{Yin:2009:G3B,
  title     = {Generating 3D Building Models from Architectural Drawings: A Survey},
  author    = {Yin, Xuetao and Wonka, Peter and Razdan, Anshuman},
  journal   = j-cga,
  volume    = {29},
  number    = {1},
  year      = {2009}
}

@article{Musialski:2009:SFR,
  title     = {Symmetry-Based Facade Repair},
  author    = {Musialski, Przemyslaw and Wonka, Peter and Recheis, Meinrad and Maierhofer, Stefan and Purgathofer, Werner},
  journal   = bp-vmv,
  pages     = {3-10},
  year      = {2009}
}

@article{Lipp:2009:PGO,
  title     = {Parallel Generation of L-Systems},
  author    = {Lipp, Markus and Wonka, Peter and Wimmer, Michael},
  journal   = bp-vmv,
  pages     = {205-214},
  year      = {2009}
}

%%%%%%%%%%%%%%%%%%%%%%%%%%%%%%%%%%%%%%%%%%%%%%%%%%%%%%%%%%%%%%%%%%%%%%
% 2008
%%%%%%%%%%%%%%%%%%%%%%%%%%%%%%%%%%%%%%%%%%%%%%%%%%%%%%%%%%%%%%%%%%%%%%

@article{Chen:2008:IPS,
  title     = {Interactive Procedural Street Modeling},
  author    = {Chen, Guoning and Esch, Gregory and Wonka, Peter and M{\"u}ller, Pascal and Zhang, Eugene},
  journal   = j-tog,
  volume    = {27},
  number    = {3},
  pages     = {103},
  year      = {2008}
}

@article{Lipp:2008:IVE,
  title     = {Interactive Visual Editing of Grammars for Procedural Architecture},
  author    = {Lipp, Markus and Wonka, Peter and Wimmer, Michael},
  journal   = j-tog,
  volume    = {27},
  number    = {3},
  pages     = {102:1-10},
  year      = {2008}
}

@article{Zhou:2008:VMA,
  title     = {Visibility-Driven Mesh Analysis and Visualization through Graph Cuts},
  author    = {Zhou, Kaichi and Zhang, Eugene and Bittner, Ji\v{r}\'{\i} and Wonka, Peter},
  journal   = j-tvcg,
  volume    = {14},
  number    = {6},
  pages     = {1667-1674},
  year      = {2008}
}

@article{Watson:2008:PUM,
  title     = {Procedural Urban Modeling in Practice},
  author    = {Watson, Benjamin and M{\"u}ller, Pascal and Veryovka, Oleg and Fuller, Andy and Wonka, Peter and Sexton, Chris},
  journal   = j-cga,
  volume    = {28},
  number    = {3},
  year      = {2008}
}

@article{Williams:2008:TAT,
  title     = {Tiamat: A Three-Dimensional Editing Tool for Complex DNA Structures},
  author    = {Williams, Sean and Lund, Kyle and Lin, Chenxiang and Wonka, Peter and Lindsay, Stuart and Yan, Hao},
  journal   = bp-dnabc,
  pages     = {90-101},
  year      = {2008}
}

@article{Watson:2008:PMF,
  title     = {Procedural Methods for Urban Modeling},
  author    = {Watson, Benjamin and Wonka, Peter},
  journal   = j-cga,
  volume    = {28},
  number    = {3},
  pages     = {16-17},
  year      = {2008}
}

%%%%%%%%%%%%%%%%%%%%%%%%%%%%%%%%%%%%%%%%%%%%%%%%%%%%%%%%%%%%%%%%%%%%%%
% 2007
%%%%%%%%%%%%%%%%%%%%%%%%%%%%%%%%%%%%%%%%%%%%%%%%%%%%%%%%%%%%%%%%%%%%%%

@article{Mueller:2007:IPM,
  title     = {Image-Based Procedural Modeling of Facades},
  author    = {M{\"u}ller, Pascal and Zeng, Gang and Wonka, Peter and Van Gool, Luc},
  journal   = j-tog,
  volume    = {24},
  number    = {3},
  pages     = {85},
  year      = {2007}
}

@article{Hu:2007:RNE,
  title     = {Road Network Extraction and Intersection Detection from Aerial Images by Tracking Road Footprints},
  author    = {Hu, Jiuxiang and Razdan, Anshuman and Femiani, John C and Cui, Ming and Wonka, Peter},
  journal   = j-tgrs,
  volume    = {45},
  number    = {12},
  pages     = {4144-4157},
  year      = {2007}
}

@article{Cui:2007:ANR,
  title     = {A New Image Registration Scheme Based on Curvature Scale Space Curve Matching},
  author    = {Cui, Ming and Wonka, Peter and Razdan, Anshuman and Hu, Jiuxiang},
  journal   = j-vc,
  volume    = {23},
  number    = {8},
  pages     = {607-618},
  year      = {2007}
}

@article{Hu:2007:FSD,
  title     = {Fourier Shape Descriptors of Pixel Footprints for Road Extraction from Satellite Images},
  author    = {Hu, Jiuxiang and Razdan, Anshuman and Femiani, John and Wonka, Peter and Cui, Ming},
  journal   = bp-ip,
  volume    = {1},
  pages     = {I-49},
  year      = {2007}
}

@article{Mattausch:2007:OSF,
  title     = {Optimized Subdivisions for Preprocessed Visibility},
  author    = {Mattausch, Oliver and Bittner, Ji{\v{r}}{\'\i} and Wonka, Peter and Wimmer, Michael},
  journal   = bp-gi,
  pages     = {335-342},
  year      = {2007}
}

@article{Esch:2007:IPS,
  title     = {Interactive Procedural Street Modeling},
  author    = {Esch, Gregory and Wonka, Peter and Zhang, Eugene and Muller, Pascal and others},
  journal   = bp-sigsa,
  year      = {2007}
}

@article{Wonka:2007:UDA,
  title     = {Urban Design and Procedural Modeling},
  author    = {Wonka, Peter and M{\"u}ller, Pascal and Watson, Ben and Fuller, Andy},
  journal   = bp-sigc,
  pages     = {229-229},
  year      = {2007}
}

%%%%%%%%%%%%%%%%%%%%%%%%%%%%%%%%%%%%%%%%%%%%%%%%%%%%%%%%%%%%%%%%%%%%%%
% 2006
%%%%%%%%%%%%%%%%%%%%%%%%%%%%%%%%%%%%%%%%%%%%%%%%%%%%%%%%%%%%%%%%%%%%%%

@article{Mueller:2006:P3R,
  title     = {Procedural 3D Reconstruction of Puuc Buildings in Xkipch{\'e}},
  author    = {M{\"u}ller, Pascal and Vereenooghe, Tijl and Wonka, Peter and Paap, Iken and Van Gool, Luc J},
  journal   = bp-vast,
  pages     = {139-146},
  year      = {2006}
}


@ARTICLE{Mueller:2006:PMO,
  title     = {Procedural Modeling of Buildings},
  author    = {M{\"u}ller, Pascal and Wonka, Peter and Haegler, Simon and Ulmer, Andreas and Van Gool, Luc},
  journal   = j-tog,
  volume    = {25},
  number    = {3},
  pages     = {614-623},
  year      = {2006}
}

@article{Wonka:2006:GVS,
  title     = {Guided Visibility Sampling},
  author    = {Wonka, Peter and Wimmer, Michael and Zhou, Kaichi and Maierhofer, Stefan and Hesina, Gerd and Reshetov, Alexander},
  journal   = j-tog,
  volume    = {25},
  number    = {3},
  pages     = {494-502},
  year      = {2006}
}

@article{jang:2006:PSO,
  title     = {Punctuated Simplification of Man-Made Objects},
  author    = {Jang, Justin and Wonka, Peter and Ribarsky, William and Shaw, Christopher D},
  journal   = j-vc,
  volume    = {22},
  number    = {2},
  pages     = {136-145},
  year      = {2006}
}

@article{Mueller:2006:PMO,
  title     = {Procedural Modeling of Urban Environments},
  author    = {M{\"u}ller, Pascal and Wonka, Peter and Hanson, Eric and Watson, Ben},
  journal   = bp-sigc,
  pages     = {139-184},
  year      = {2006},
  isbn      = {1-59593-364-6}
}

%%%%%%%%%%%%%%%%%%%%%%%%%%%%%%%%%%%%%%%%%%%%%%%%%%%%%%%%%%%%%%%%%%%%%%
% 2005
%%%%%%%%%%%%%%%%%%%%%%%%%%%%%%%%%%%%%%%%%%%%%%%%%%%%%%%%%%%%%%%%%%%%%%

@article{Bittner:2005:FEF,
  title     = {Fast exact From-Region Visibility in Urban Scenes},
  author    = {Bittner, Jir{\'\i} and Wonka, Peter and Wimmer, Michael},
  journal   = bp-rt,
  pages     = {223-230},
  year      = {2005}
}

@article{Rovira:2005:PSW,
  title     = {Point Sampling with Uniformly Distributed Lines},
  author    = {Rovira, Jordi and Wonka, Peter and Castro, Francesc and Sbert, Mateu},
  journal   = bp-pbg,
  pages     = {109-118},
  year      = {2005}
}

@article{Mueller:2005:TIA,
  title     = {Transformations in Architectural Design},
  author    = {M{\"u}ller, Pascal and Van Gool, Luc and Haegler, Simon and Wonka, Peter},
  journal   = bp-cgit,
  volume    = {1},
  number    = {04},
  pages     = {299-299},
  year      = {2005}
}

%%%%%%%%%%%%%%%%%%%%%%%%%%%%%%%%%%%%%%%%%%%%%%%%%%%%%%%%%%%%%%%%%%%%%%
% 2004
%%%%%%%%%%%%%%%%%%%%%%%%%%%%%%%%%%%%%%%%%%%%%%%%%%%%%%%%%%%%%%%%%%%%%%

%%%%%%%%%%%%%%%%%%%%%%%%%%%%%%%%%%%%%%%%%%%%%%%%%%%%%%%%%%%%%%%%%%%%%%
% 2003
%%%%%%%%%%%%%%%%%%%%%%%%%%%%%%%%%%%%%%%%%%%%%%%%%%%%%%%%%%%%%%%%%%%%%%

@article{Jang:2003:AVV,
  title     = {Appearance-Preserving View-Dependent Visualization},
  author    = {Jang, Justin and Ribarsky, William and Shaw, Christopher and Wonka, Peter},
  journal   = j-v,
  pages     = {473-480},
  year      = {2003}
}

@article{Wimmer:2003:RTE,
  title     = {Rendering Time Estimation for Real-Time Rendering},
  author    = {Wimmer, Michael and Wonka, Peter},
  journal   = bp-rt,
  pages     = {118-129},
  year      = {2003}
}

@article{Wonka:2003:IA,
  title     = {Instant Architecture},
  author    = {Wonka, Peter and Wimmer, Michael and Sillion, Fran{\c{c}}ois and Ribarsky, William},
  journal   = j-tog,
  volume    = {22},
  number    = {3},
  pages     = {669-677},
  year      = {2003}
}

@article{Bittner:2003:VIC,
  title     = {Visibility in Computer Graphics},
  author    = {Bittner, Ji{\v{r}}{\'\i} and Wonka, Peter},
  journal   = j-epd,
  volume    = {30},
  number    = {5},
  pages     = {729-755},
  year      = {2003}
}

%%%%%%%%%%%%%%%%%%%%%%%%%%%%%%%%%%%%%%%%%%%%%%%%%%%%%%%%%%%%%%%%%%%%%%
% 2002
%%%%%%%%%%%%%%%%%%%%%%%%%%%%%%%%%%%%%%%%%%%%%%%%%%%%%%%%%%%%%%%%%%%%%%

%%%%%%%%%%%%%%%%%%%%%%%%%%%%%%%%%%%%%%%%%%%%%%%%%%%%%%%%%%%%%%%%%%%%%%
% 2001
%%%%%%%%%%%%%%%%%%%%%%%%%%%%%%%%%%%%%%%%%%%%%%%%%%%%%%%%%%%%%%%%%%%%%%

@article{Bittner:2001:VPF,
  title     = {Visibility Preprocessing for Urban Scenes Using Line Space Subdivision},
  author    = {Bittner, Ji{\v{r}}{\'\i} and Wonka, Peter and Wimmer, Michael},
  journal   = bp-pg,
  pages     = {276-284},
  year      = {2001}
}

@article{Wonka:2001:IV,
  title     = {Instant Visibility},
  author    = {Wonka, Peter and Wimmer, Michael and Sillion, Fran{\c{c}}ois X},
  journal   = j-cgf,
  volume    = {20},
  number    = {3},
  pages     = {411-421},
  year      = {2001}
}

@article{Wimmer:2001:PIF,
  title     = {Point-Based Impostors for Real-Time Visualization},
  author    = {Wimmer, Michael and Wonka, Peter and Sillion, Fran{\c{c}}ois},
  journal   = bp-rt,
  pages     = {163-176},
  year      = {2001}
}

%%%%%%%%%%%%%%%%%%%%%%%%%%%%%%%%%%%%%%%%%%%%%%%%%%%%%%%%%%%%%%%%%%%%%%
% 2000
%%%%%%%%%%%%%%%%%%%%%%%%%%%%%%%%%%%%%%%%%%%%%%%%%%%%%%%%%%%%%%%%%%%%%%

@article{Wonka:2000:VPW,
  title     = {Visibility Preprocessing with Occluder Fusion for Urban Walkthroughs},
  author    = {Wonka, Peter and Wimmer, Michael and Schmalstieg, Dieter},
  journal   = bp-rt,
  pages     = {71-82},
  year      = {2000}
}

%%%%%%%%%%%%%%%%%%%%%%%%%%%%%%%%%%%%%%%%%%%%%%%%%%%%%%%%%%%%%%%%%%%%%%
% 1999
%%%%%%%%%%%%%%%%%%%%%%%%%%%%%%%%%%%%%%%%%%%%%%%%%%%%%%%%%%%%%%%%%%%%%%

@article{Wonka:1999:OSF,
  title     = {Occluder Shadows for Fast Walkthroughs of Urban Environments},
  author    = {Wonka, Peter and Schmalstieg, Dieter},
  journal   = j-cgf,
  volume    = {18},
  number    = {3},
  pages     = {51-60},
  year      = {1999}
}

%%%%%%%%%%%%%%%%%%%%%%%%%%%%%%%%%%%%%%%%%%%%%%%%%%%%%%%%%%%%%%%%%%%%%%
% 1998
%%%%%%%%%%%%%%%%%%%%%%%%%%%%%%%%%%%%%%%%%%%%%%%%%%%%%%%%%%%%%%%%%%%%%%

@article{Wonka:1998:RTO,
  title     = {Ray Tracing of Nonlinear Fractals},
  author    = {Wonka, Peter and Gervautz, Michael},
  journal   = bp-wscg,
  year      = {1998}
}
