@string{cgf = {{CGF}}}
@string{cvpr = {{IEEE CVPR}}}
@string{eccv = {{ECCV}}}
@string{eg = {{CGF Eurographics}}}
@string{iccv = {{IEEE ICCV}}}
@string{ijcv = {{IJCV}}}
@string{pami = {{IEEE PAMI}}}
@string{tvcg = {{IEEE TVCG}}}
@string{sgp = {SGP}}
@string{sigg = {{ACM SIGGRAPH}}}
@string{sigga = {{ACM SIGGRAPH Asia}}}
@string{siggo = {{ACM SIGGRAPH}}}
@string{smi = {{Proc. SMI}}}
@string{tog = {{ACM TOG}}}
@string{nips = {{NIPS}}}
@string{ijrr = {{IJRR}}}

@article{Berger:TVCG:2018, 
author={M. Berger and J. Li and J. A. Levine}, 
journal=tvcg, 
title={A Generative Model for Volume Rendering}, 
year={2018}, 
volume={}, 
number={}, 
pages={1-1}, 
ISSN={1077-2626}, 
month={},
}

@article{Mathias:IJCV:2016,
 author = {Mathias, Markus and Martinovi\'{c}, Andelo and Gool, Luc},
 title = {ATLAS: A Three-Layered Approach to Facade Parsing},
 journal = ijcv,
 issue_date = {May 2016},
 volume = {118},
 number = {1},
 month = may,
 year = {2016},
 issn = {0920-5691},
 pages = {22--48},
 numpages = {27},
 acmid = {2935089},
 publisher = {Kluwer Academic Publishers},
 address = {Hingham, MA, USA},
 keywords = {Facade parsing, Procedural modeling, Semantic segmentation},
} 

@inproceedings{Cohen:CVPR:2014, 
author={A. Cohen and A. G. Schwing and M. Pollefeys}, 
booktitle=pami, 
title={Efficient Structured Parsing of Facades Using Dynamic Programming}, 
year={2014}, 
volume={}, 
number={}, 
pages={3206-3213}, 
ISSN={1063-6919}
}

@article{Teboul:PAMI:2013,
author={O. Teboul and I. Kokkinos and L. Simon and P. Koutsourakis and N. Paragios}, 
journal=pami, 
title={Parsing Facades with Shape Grammars and Reinforcement Learning}, 
year={2013}, 
volume={35}, 
number={7}, 
month={July},
}

@article{Kelly:SIGA:2017,
  title   = {BigSUR: Large-scale Structured Urban Reconstruction},
  author  = {Tom Kelly and John Femiani and Peter Wonka and Niloy J. Mitra},
  year    = {2017},
  journal = sigga,
  volume = {36},
  number = {6},
  articleno = {204},
}
 

@inproceedings{Karras:2018:PGG,
title={Progressive Growing of {GAN}s for Improved Quality, Stability, and Variation},
author={Tero Karras and Timo Aila and Samuli Laine and Jaakko Lehtinen},
booktitle={ICLR},
year={2018},
}

@INPROCEEDINGS{cmp_dataset,
  author = {Radim Tyle{\v c}ek and Radim {\v S}{\' a}ra},
  title = {Spatial Pattern Templates for Recognition of Objects with Regular Structure},
  booktitle = {Proc. GCPR},
  year = {2013},
  address = {Saarbrucken, Germany},
}

@InProceedings{vae_gan,
  title = 	 {Autoencoding beyond pixels using a learned similarity metric},
  author = 	 {Anders Boesen Lindbo Larsen and S{\o}ren Kaae S{\o}nderby and Hugo Larochelle and Ole Winther},
  booktitle = 	 {ICML},
  year = 	 {2016},
  volume = 	 {48},
}

@InProceedings{vae,
  title = 	 {Auto-Encoding Variational Bayes},
  author = 	 {D.P. Kingma and M. Welling},
  booktitle = 	 {ICLR},
  year = 	 {2014},
}

@InProceedings{Donahue:2016:afl,
  author = {Donahue, Jeff and Kr\"ahenb\"uhl, Philipp and Darrell, Trevor},
  Title = {Adversarial Feature Learning},
  booktitle = 	 {ICLR},
  year = 	 {2016},
}

@InProceedings{Dumoulin:2016:ali,
  author = {Dumoulin, Vincent and Belghazi, Ishmael and Poole, Ben and Lamb, Alex and Arjovsky, Martin and Mastropietro, Olivier and Courville, Aaron},
  Title = {Adversarially Learned Inference},
  booktitle = 	 {ICLR},
  year = 	 {2016},
}
